<?xml version="1.0" encoding="UTF-8"?>
<record xmlns="http://www.loc.gov/MARC21/slim" xmlns:xsi="http://www.w3.org/2001/XMLSchema-instance" xsi:schemaLocation="http://www.loc.gov/MARC21/slim http://www.loc.gov/standards/marcxml/schema/MARC21slim.xsd">
<leader>     nam a2200313 a 4500</leader>
<controlfield tag="001">001904909</controlfield>
<controlfield tag="003">NNU</controlfield>
<controlfield tag="005">20050718094728.0</controlfield>
<controlfield tag="008">901212m19319999ae       b    000 0 ara d</controlfield>
<datafield tag="035" ind1="9" ind2=" ">
<subfield code="a">NYUb10847324</subfield>
</datafield>
<datafield tag="035" ind1=" " ind2=" ">
<subfield code="a">(CStRLIN)NYUG90-B51260</subfield>
</datafield>
<datafield tag="035" ind1=" " ind2=" ">
<subfield code="a">GLIS008473247</subfield>
</datafield>
<datafield tag="040" ind1=" " ind2=" ">
<subfield code="a">NNU</subfield>
<subfield code="c">NNU</subfield>
</datafield>
<datafield tag="043" ind1=" " ind2=" ">
<subfield code="a">ff-----</subfield>
<subfield code="a">aw</subfield>
</datafield>
<datafield tag="090" ind1=" " ind2=" ">
<subfield code="i">12/12/90 CT</subfield>
</datafield>
<datafield tag="100" ind1="1" ind2=" ">
<subfield code="a">Kalāʻī, Sulaymān ibn Mūsá,</subfield>
<subfield code="d">1170-1237.</subfield>
</datafield>
<datafield tag="245" ind1="1" ind2="0">
<subfield code="a">Kitāb al-Iktifāʼ fī maghāzī al-Muṣṭafá wa-al-thalāthah al-Khulafāʼ /</subfield>
<subfield code="c">li-Abī al-Rabīʻ Sulaymān Salīm al-mashhūr bi-al-Kalāʻī ; iʻtaná bi-taṣḥīḥihi Hinrī Māssah.</subfield>
</datafield>
<datafield tag="260" ind1=" " ind2=" ">
<subfield code="a">Alger :</subfield>
<subfield code="b">Jules Carbonel ;</subfield>
<subfield code="a">Paris :</subfield>
<subfield code="b">Paul Geuthner,</subfield>
<subfield code="c">1931-</subfield>
</datafield>
<datafield tag="300" ind1=" " ind2=" ">
<subfield code="a">v. ;</subfield>
<subfield code="c">19 cm.</subfield>
</datafield>
<datafield tag="490" ind1="1" ind2=" ">
<subfield code="a">Bibliotheca arabica ;</subfield>
<subfield code="v">6</subfield>
</datafield>
<datafield tag="504" ind1=" " ind2=" ">
<subfield code="a">Includes bibliographical references.</subfield>
</datafield>
<datafield tag="500" ind1=" " ind2=" ">
<subfield code="a">Title on added t.p.: Kitâb al-Iktifâʼ.</subfield>
</datafield>
<datafield tag="600" ind1="0" ind2="0">
<subfield code="a">Muḥammad,</subfield>
<subfield code="c">Prophet,</subfield>
<subfield code="d">d. 632</subfield>
<subfield code="x">Campaigns.</subfield>
</datafield>
<datafield tag="651" ind1=" " ind2="0">
<subfield code="a">Islamic Empire</subfield>
<subfield code="x">History.</subfield>
</datafield>
<datafield tag="740" ind1="3" ind2=" ">
<subfield code="a">al-Iktifāʼ fī maghāzī al-Muṣṭafá wa-al-thalāthah al-khulafāʼ.</subfield>
</datafield>
<datafield tag="830" ind1=" " ind2="0">
<subfield code="a">Bibliotheca arabica (Algiers, Algeria) ;</subfield>
<subfield code="v">6.</subfield>
</datafield>
<datafield tag="OWN" ind1=" " ind2=" ">
<subfield code="a">GENERAL</subfield>
</datafield>
<datafield tag="903" ind1=" " ind2=" ">
<subfield code="a">OLD</subfield>
</datafield>
<datafield tag="950" ind1=" " ind2=" ">
<subfield code="l">BMAIN</subfield>
<subfield code="a">DS232</subfield>
<subfield code="b">.K14 1931</subfield>
<subfield code="n">455:slnanalyzed\</subfield>
<subfield code="i">12/12/90 C</subfield>
</datafield>
<datafield tag="955" ind1=" " ind2=" ">
<subfield code="l">BMAIN</subfield>
<subfield code="c">1:v.1</subfield>
<subfield code="r">015217923</subfield>
<subfield code="i">12/12/90 C</subfield>
</datafield>
<datafield tag="998" ind1=" " ind2=" ">
<subfield code="a">12/12/90</subfield>
<subfield code="t">c</subfield>
<subfield code="s">9114</subfield>
<subfield code="n">NNU</subfield>
<subfield code="d">12/12/90</subfield>
<subfield code="c">MG</subfield>
<subfield code="b">MG</subfield>
<subfield code="i">901212</subfield>
<subfield code="l">NYUG</subfield>
</datafield>
<datafield tag="AVA" ind1=" " ind2=" ">
<subfield code="a">NYU50</subfield>
<subfield code="b">BOBST</subfield>
<subfield code="c">Main Collection</subfield>
<subfield code="d">DS232 .K14 1931</subfield>
<subfield code="e">unavailable</subfield>
<subfield code="t">Unavailable</subfield>
<subfield code="f">1</subfield>
<subfield code="g">1</subfield>
<subfield code="h">Y</subfield>
<subfield code="i">0</subfield>
<subfield code="j">MAIN</subfield>
<subfield code="k">0</subfield>
</datafield>
</record>
